@techreport{5gmf,
author ={5GMF},
title = {{5G Mobile Communications Systemsfor 2020 and beyond}},
institution   = {White Paper of 5GMF},
number ={1.1},
month={Sep.},
year ={2017}
}
@article{Marzetta,
author ={T L Marzetta},
title = {Noncooperative cellular wireless with unlimited
numbers of base station antennas},
journal   = {IEEE trans. Wireless Commun.},
volume = {9},
number={11},
month={Nov.},
pages={3590-3600},
year ={2010}
}
@article{kabashima,
author ={Y Kabashima and F Krzakala and M M\'ezard and A Sakata and L Zdeborov\'a},
title = {Phase Transitions and Sample Complexity in Bayes-Optimal Matrix Factorization},
journal = {IEEE Trans. Inf. Theory},
volume = {62},
number={7},
month={Jul.},
year ={2016}
}
@article{Appaiah,
author ={K. Appaiah and A. Ashikhmin and T. L. Marzetta},
title = {Pilot Contamination Reduction in Multi-user TDD Systems},
journal   = {IEEE Int. Conf. on Commun.},
volume = {9},
number={11},
month={Nov.},
year ={2010}
}
@article{vila,
author ={J. Vila and P. Schniter and S. Rangan and F. Krzakala and L. Zdeborov√°},
title = {Adaptive damping and mean removal for the generalized approximate message passing algorithm},
journal   = {in Proc. IEEE Int. Conf. Acoust., Speech Signal
Process. (ICASSP)},
pages={2021-2025},
month={Apr.},
year ={2015}
}