@article{ngo,
author ={H. Q. Ngo and E. G. Larsson},
title = {EVD-based channel estimation in multicell multiuser MIMO systems with very large antenna arrays,},
journal  = {IEEE International Conference on Acoustics, Speech and Signal
Processing (ICASSP)},
year ={2012},
month ={Mar}
}