@article{oochi,
author ={大地雅俊 and 山田祥徳 and 越塚誠一 and 酒井幹夫},
title = {{MPS}陽解法における圧力計算の検証},
journal  = {日本計算工学会},
year ={2011},
month ={Feb}
}